<?xml version="1.0" encoding="UTF-8"?>
  <record xmlns="http://www.loc.gov/MARC21/slim" type="Authority">
    <leader>00000nz  a2200000oc 4500</leader>
    <controlfield tag="001">1030389802</controlfield>
    <controlfield tag="003">DE-101</controlfield>
    <controlfield tag="005">20201022123718.0</controlfield>
    <controlfield tag="008">130131n||aznnnaabn           | aaa    |c</controlfield>
    <datafield tag="024" ind1="7" ind2=" ">
      <subfield code="a">1030389802</subfield>
      <subfield code="0">http://d-nb.info/gnd/1030389802</subfield>
      <subfield code="2">gnd</subfield>
    </datafield>
    <datafield tag="035" ind1=" " ind2=" ">
      <subfield code="a">(DE-101)1030389802</subfield>
    </datafield>
    <datafield tag="035" ind1=" " ind2=" ">
      <subfield code="a">(DE-588)1030389802</subfield>
    </datafield>
    <datafield tag="040" ind1=" " ind2=" ">
      <subfield code="a">DE-23</subfield>
      <subfield code="c">DE-23</subfield>
      <subfield code="9">r:DE-601</subfield>
      <subfield code="b">ger</subfield>
      <subfield code="d">2214</subfield>
    </datafield>
    <datafield tag="042" ind1=" " ind2=" ">
      <subfield code="a">gnd3</subfield>
    </datafield>
    <datafield tag="043" ind1=" " ind2=" ">
      <subfield code="c">XA-DE</subfield>
    </datafield>
    <datafield tag="075" ind1=" " ind2=" ">
      <subfield code="b">p</subfield>
      <subfield code="2">gndgen</subfield>
    </datafield>
    <datafield tag="075" ind1=" " ind2=" ">
      <subfield code="b">piz</subfield>
      <subfield code="2">gndspec</subfield>
    </datafield>
    <datafield tag="079" ind1=" " ind2=" ">
      <subfield code="a">g</subfield>
      <subfield code="q">a</subfield>
      <subfield code="q">f</subfield>
    </datafield>
    <datafield tag="100" ind1="1" ind2=" ">
      <subfield code="a">Gersdorf, Hedwig Elisabeth &#152;von&#156;</subfield>
      <subfield code="d">1664-1664</subfield>
    </datafield>
    <datafield tag="400" ind1="1" ind2=" ">
      <subfield code="a">Gersdorff Hedwig Elisabeth &#152;von&#156;</subfield>
      <subfield code="d">1664-1664</subfield>
    </datafield>
    <datafield tag="400" ind1="1" ind2=" ">
      <subfield code="a">Gerßdorff, Hedwig Elisabeth &#152;von&#156;</subfield>
      <subfield code="d">1664-1664</subfield>
    </datafield>
    <datafield tag="400" ind1="1" ind2=" ">
      <subfield code="a">Gerßdorf, Hedwig Elisabeth &#152;von&#156;</subfield>
      <subfield code="d">1664-1664</subfield>
    </datafield>
    <datafield tag="400" ind1="1" ind2=" ">
      <subfield code="a">Gersdorff Hedewig Elisabeth &#152;von&#156;</subfield>
      <subfield code="d">1664-1664</subfield>
    </datafield>
    <datafield tag="400" ind1="1" ind2=" ">
      <subfield code="a">Gersdorf, Hedewig Elisabeth &#152;von&#156;</subfield>
      <subfield code="d">1664-1664</subfield>
    </datafield>
    <datafield tag="400" ind1="1" ind2=" ">
      <subfield code="a">Gerßdorff, Hedewig Elisabeth &#152;von&#156;</subfield>
      <subfield code="d">1664-1664</subfield>
    </datafield>
    <datafield tag="400" ind1="1" ind2=" ">
      <subfield code="a">Gerßdorf, Hedewig Elisabeth &#152;von&#156;</subfield>
      <subfield code="d">1664-1664</subfield>
    </datafield>
    <datafield tag="500" ind1="1" ind2=" ">
      <subfield code="0">(DE-101)102532966</subfield>
      <subfield code="0">(DE-588)102532966</subfield>
      <subfield code="0">https://d-nb.info/gnd/102532966</subfield>
      <subfield code="a">Gersdorf, Nicolaus &#152;von&#156;</subfield>
      <subfield code="d">1629-1702</subfield>
      <subfield code="4">bezf</subfield>
      <subfield code="4">https://d-nb.info/standards/elementset/gnd#familialRelationship</subfield>
      <subfield code="w">r</subfield>
      <subfield code="i">Beziehung familiaer</subfield>
      <subfield code="e">Beziehung familiaer</subfield>
      <subfield code="9">v:Vater</subfield>
    </datafield>
    <datafield tag="500" ind1="1" ind2=" ">
      <subfield code="0">(DE-101)121593851</subfield>
      <subfield code="0">(DE-588)121593851</subfield>
      <subfield code="0">https://d-nb.info/gnd/121593851</subfield>
      <subfield code="a">Gersdorf, Hedwig Elisabeth &#152;von&#156;</subfield>
      <subfield code="d">1640-1664</subfield>
      <subfield code="4">bezf</subfield>
      <subfield code="4">https://d-nb.info/standards/elementset/gnd#familialRelationship</subfield>
      <subfield code="w">r</subfield>
      <subfield code="i">Beziehung familiaer</subfield>
      <subfield code="e">Beziehung familiaer</subfield>
      <subfield code="9">v:Mutter</subfield>
    </datafield>
    <datafield tag="548" ind1=" " ind2=" ">
      <subfield code="a">1664-1664</subfield>
      <subfield code="4">datl</subfield>
      <subfield code="4">https://d-nb.info/standards/elementset/gnd#dateOfBirthAndDeath</subfield>
      <subfield code="w">r</subfield>
      <subfield code="i">Lebensdaten</subfield>
    </datafield>
    <datafield tag="548" ind1=" " ind2=" ">
      <subfield code="a">28.09.1664-30.09.1664</subfield>
      <subfield code="4">datx</subfield>
      <subfield code="4">https://d-nb.info/standards/elementset/gnd#dateOfBirthAndDeath</subfield>
      <subfield code="w">r</subfield>
      <subfield code="i">Exakte Lebensdaten</subfield>
    </datafield>
    <datafield tag="667" ind1=" " ind2=" ">
      <subfield code="a">23</subfield>
    </datafield>
    <datafield tag="667" ind1=" " ind2=" ">
      <subfield code="a">VD-17</subfield>
    </datafield>
    <datafield tag="672" ind1=" " ind2="0">
      <subfield code="a">Schneider, Daniel: Wenn in den Töpffen ist der bitter-herbe Tod/ Versüsset Gott so dann die bitter Todes-Noth. - 1664</subfield>
    </datafield>
    <datafield tag="678" ind1=" " ind2=" ">
      <subfield code="b">Tochter von Nicolaus von Gersdorf und Hedwig Elisabeth Vitzthum von Eckstedt</subfield>
    </datafield>
  </record>
